@article{propp1998coupling,
  title={Coupling from the past: a userâ€™s guide},
  author={Propp, James and Wilson, David},
  journal={Microsurveys in discrete probability},
  volume={41},
  pages={181--192},
  year={1998},
  publisher={American Mathematical Society}
}

@article{propp1996exact,
  title={Exact sampling with coupled Markov chains and applications to statistical mechanics},
  author={Propp, James Gary and Wilson, David Bruce},
  journal={Random structures and Algorithms},
  volume={9},
  number={1-2},
  pages={223--252},
  year={1996}
}